@article{Newswire2010,
   author  = {Newswire, PR},
   date    = {2010-08-25},
   title   = {P-touc Means Business Survey Reveals Offices Waste More Than 177 Billion Per Year Looking for Lost Items},
   journal = {Brother International Corporation},
   url     = {https://www.prnewswire.com/news-releases/p-touch-means-business-survey-reveals-offices-waste-more-than-177-billion-per-year-looking-for-lost-items-101465149.html},
   urldate = {2010-08-25},
}

@article{Prawira2024,
   author = {Jonathan Prawira and Theresia Ratih Dewi Saputri},
   doi = {10.32629/jai.v7i2.1381},
   issn = {26305046},
   issue = {2},
   journal = {Journal of Autonomous Intelligence},
   keywords = {Euclidean distance,cosine similarity,image comparison,natural language processing,string matching},
   publisher = {Frontier Scientific Publishing},
   title = {Lost item identification model development using similarity prediction method with CNN ResNet algorithm},
   volume = {7},
   year = {2024},
}

@article{Knierim2012,
   author = {Pascal Knierim and Jens Nickels and Steffen Musiol and Bastian Könings and Florian Schaub and Björn Wiedersheim and Michael Weber},
   doi = {10.1145/2406367.2406433},
   isbn = {9781450318150},
   journal = {Proceedings of the 11th International Conference on Mobile and Ubiquitous Multimedia, MUM 2012},
   keywords = {Localization,RFID,RSSI,Relative positioning,ZigBee},
   title = {Find my stuff: A search engine for everyday objects},
   year = {2012},
}


@article{Ahmad2015,
   author = {Saleem Ahmad and Muhammad Ziaullah and Leena Rauniyar and Meng Su and Yue Zhang},
   doi = {10.9790/487X-17417984},
   keywords = {Anti-loss Tracking Technologies,Lost and Misplaced Items,Smartphone,Tracking Devices},
   pages = {79-84},
   title = {How Does Matter Lost and Misplace Items Issue and Its Technological Solutions in 2015-A Review Study},
   volume = {17},
   url = {https://www.iosrjournals.org/iosr-jbm/papers/Vol17-issue4/Version-1/L017417984.pdf},
   year = {2015},
}
@article{Sinha2024,
   author = {Sudhanshu Sinha and Suresh Kaswan and Kanchan Kumari and Aditya Kumar and Leena Bisht and Shivani Katiyar and Amita},
   doi = {10.1109/TQCEBT59414.2024.10545109},
   isbn = {9798350384277},
   month = {9},
   pages = {1-7},
   publisher = {Institute of Electrical and Electronics Engineers (IEEE)},
   title = {A Novel Approach to Enhance Campus Lost and Found Services through Integration of QR Code with Personalized Item Registration},
   year = {2024},
}
@article{Guinard2008,
   author = {Dominique Guinard and Oliver Baecker and Florian Michahelles},
   doi = {10.1145/1409240.1409300},
   isbn = {9781595939524},
   journal = {MobileHCI 2008 - Proceedings of the 10th International Conference on Human-Computer Interaction with Mobile Devices and Services},
   keywords = {Internet of things,Lost and found,Mobile interactions,RFID},
   pages = {407-410},
   title = {Supporting a mobile lost and found community},
   url = {https://dl.acm.org/doi/10.1145/1409240.1409300},
   year = {2008},
}
@article{Garling2023,
   author = {Tommy Gärling and André Hansla},
   doi = {10.1027/1864-9335/A000530},
   issn = {21512590},
   issue = {6},
   journal = {Social Psychology},
   keywords = {break-even effect,endowment effect,lost-and-found effect,psychological ownership,value-affect mediation},
   month = {11},
   pages = {327-336},
   publisher = {Hogrefe Publishing GmbH},
   title = {Beyond the Mere Ownership and Endowment Effects Over-Valuing Objects Lost and Found},
   volume = {54},
   year = {2023},
}
@article{Tan2023,
   author = {Siok Yee Tan and Cia Rui Chong},
   doi = {10.35631/JISTM.832007},
   issue = {32},
   journal = {Journal of Information System and Technology Management},
   month = {9},
   pages = {99-112},
   publisher = {Global Academic Excellence (M) Sdn Bhd},
   title = {An Effective Lost And Found System In University Campus},
   volume = {8},
   year = {2023},
}
@article{Xue2022,
   author = {Qingshui Xue and Haifeng Ma and Chenxi Sun},
   doi = {10.1109/ICIIBMS55689.2022.9971536},
   isbn = {9781665482295},
   journal = {ICIIBMS 2022 - 7th International Conference on Intelligent Informatics and Biomedical Sciences},
   keywords = {blockchain technology,decentralization,lost and found},
   pages = {45-50},
   publisher = {Institute of Electrical and Electronics Engineers Inc.},
   title = {Exploratory Research on Blockchain-based Lost and Found Platform},
   year = {2022},
}
@article{Liu2022,
   author = {Yuxin Liu and Kai Fang and Enze Yang and Shitao Zhao and Shuoyan Liu and Ran He},
   doi = {10.1109/ICSP56322.2022.9965294},
   isbn = {9781665460569},
   journal = {International Conference on Signal Processing Proceedings, ICSP},
   keywords = {Classification,Inception-ResNet,Lost Items,Lost-Found Item Dataset,Railway station},
   pages = {335-338},
   publisher = {Institute of Electrical and Electronics Engineers Inc.},
   title = {Lost-Found Item Net for Classification Based on Inception-Resnet},
   volume = {2022-October},
   year = {2022},
}

@article{Oke2017,
   author = {Ayodeji Emmanuel Oke and Clinton Ohis Aigbavboa and Marcia M. Raphiri},
   doi = {10.1108/JEDT-04-2017-0036},
   issn = {17260531},
   issue = {5},
   journal = {Journal of Engineering, Design and Technology},
   keywords = {Design strategies,Ethnic group,Hostel,Housing facilities,Student housing,User satisfaction},
   pages = {652-666},
   publisher = {Emerald Group Publishing Ltd.},
   title = {Students' satisfaction with hostel accommodations in higher education institutions},
   volume = {15},
   year = {2017},
}

@article{Yao2019,
   author = {Yinnan Yao and Xiunan Zheng and Kun Ma},
   doi = {10.1109/SMARTWORLD-UIC-ATC-SCALCOM-IOP-SCI.2019.00224},
   isbn = {9781728140346},
   journal = {Proceedings - 2019 IEEE SmartWorld, Ubiquitous Intelligence and Computing, Advanced and Trusted Computing, Scalable Computing and Communications, Internet of People and Smart City Innovation, SmartWorld/UIC/ATC/SCALCOM/IOP/SCI 2019},
   keywords = {Data detection,Lost and found,Message processing,Multidimensional matching,WeChat applet},
   month = {8},
   pages = {1205-1208},
   publisher = {Institute of Electrical and Electronics Engineers Inc.},
   title = {ILFS: Intelligent lost and found system using multidimensional matching model},
   year = {2019},
}

@article{Mayura2024,
   author = {Mrs Mayura and Rajesh Patil and Ms Rachana and Sahebrao Patil and Mrs Rachana and Prashant Kushare},
   doi = {10.36948/IJFMR.2024.V06I01.12121},
   issn = {2582-2160},
   issue = {1},
   journal = {IJFMR - International Journal For Multidisciplinary Research},
   keywords = {Description matching,Digital landscape,Engineering,Image,Lost item recovery,Privacy concerns,Technology integration,analysis,efficiency,innovation,security},
   month = {1},
   publisher = {IJFMR},
   title = {A Novel Approach “FOUNDIT” for Lost Items},
   volume = {6},
   url = {https://www.ijfmr.com/research-paper.php?id=12121},
   year = {2024},
}

@article{Anas2023,
   author = {Mohd Anas and Shruti Saini and Nikhil Agarwal and Abhishek Khanna and Ashi Yadav and Kiranpreet Kaur},
   doi = {10.17577/IJERTV12IS110077},
   issn = {2278-0181},
   issue = {11},
   journal = {International Journal of Engineering Research \& Technology},
   keywords = {App Development,Chandigarh University,Flutter Development,Lost&Found,UI/UX Designing},
   month = {11},
   publisher = {IJERT-International Journal of Engineering Research & Technology},
   title = {An Assistive Tool for Finding Lost Items: A Review},
   volume = {12},
   url = {https://www.ijert.org/research/an-assistive-tool-for-finding-lost-items-a-review-IJERTV12IS110077.pdf},
   year = {2023},
}

@article{Prabakaran2023, 
   author = {S Prabakaran and V Shangamithra and G Sowmiya and R Suruthi},
   pages = {2320-2882},
   title = {Advanced Smart Inventory Management System Using IoT},
   volume = {11},
   url = {https://ijcrt.org/papers/IJCRT2304130.pdf},
   year = {2023},
}
@article{Plinere2016,
   author = {Darya Plinere and Arkady Borisov},
   doi = {10.1515/ITMS-2015-0014},
   issue = {1},
   journal = {Information Technology and Management Science},
   month = {2},
   publisher = {Riga Technical University},
   title = {Case Study on Inventory Management Improvement},
   volume = {18},
   year = {2016},
}
@article{Chebet2019,
   author = {Everline Chebet and Samson Kitheka},
   issue = {9},
   journal = {International Journal of Innovative Science and Research Technology},
   keywords = {Economic Order Quantity,Operational Efficiency,Systematic Application Production in Data Processing},
   title = {Effects of Inventory Management System on Firm Performance-An Empirical Study},
   volume = {4},
   url = {https://www.ijisrt.com/effects-of-inventory-management-system-on-firm-performance-an-empirical-study},
   year = {2019},
}

@article{Khobragade2018,
   author = {Punam Khobragade and Roshni Selokar and Rina Maraskolhe and ProfManjusha Talmale},
   issn = {2395-0056},
   journal = {International Research Journal of Engineering and Technology},
   keywords = {Hardware sales,Inventory Management System,PDF,Warehouse,maximum profit,time saving,tracking inventory,update},
   title = {Research paper on Inventory management system},
   url = {https://www.academia.edu/36847845/Research_paper_on_Inventory_management_system},
   year = {2018},
}

@article{Pauliina2024,
   author = {Hänninen Pauliina},
   city = {Lappeenranta},
   institution = {Lahti University of Technology LUT},
   month = {11},
   pages = {83},
   title = {Improving inventory management efficiency: the impact of optimisation},
   url = {https://www.researchgate.net/publication/317350268_Improving_Business_Performance_through_Effective_Inventory_Management_Author's_Details#fullTextFileContent},
   year = {2024},
}

@article{Sohail2018,
   author = {Nazar Sohail and Tariq Hussain Sheakh},
   issue = {10-Speacial Issue},
   journal = {Journal of Dynamical and Control Systems},
   keywords = {ABC classification,demand forecasting methods,inventory management,replenishment policies},
   month = {5},
   pages = {1176-1190},
   title = {A Study of Inventory Management System Case Study},
   volume = {10},
   url = {https://www.researchgate.net/publication/327793184_A_Study_of_Inventory_Management_System_Case_Study},
   year = {2018},
}

@article{Ghazal2016,
   author = {Mohammed Ghazal and Yasmina Alkhalil and Samr Samir Ali and Fasila Haneefa and Eman Rashed},
   doi = {10.12785/IJCDS/050107},
   issn = {2210142X},
   issue = {1},
   journal = {International Journal of Computing and Digital Systems},
   keywords = {Lost item retrieval,Matching objects,Mobile archival,SURF algorithm},
   month = {1},
   pages = {73-83},
   publisher = {University of Bahrain},
   title = {Archival and retrieval of lost objects using multi-feature image matching in mobile applications},
   volume = {5},
   year = {2016},
}

@inproceedings{Sharma2024,
   author = {Rishabh Sharma and Prabhat Sharma and Shanmugasundaram Hariharan and Shubham Mahajan},
   doi = {10.1109/ICCICA60014.2024.10585218},
   isbn = {9798350306446},
   booktitle = {Proceedings - 2024 International Conference on Computational Intelligence and Computing Applications, ICCICA 2024},
   pages = {43-46},
   publisher = {Institute of Electrical and Electronics Engineers Inc.},
   title = {Improving Public Security: Application of YOLOv7 for Vehicle Detection},
   year = {2024},
}

@inproceedings{Vedanth2024,
   author = {S. Vedanth and K.B. Udit Narayana and S. Harshavardhan and T. Rao and A. Kodipalli},
   doi = {10.1109/I2CT61223.2024.10543607},
   isbn = {9798350394474},
   booktitle = {2024 IEEE 9th International Conference for Convergence in Technology, I2CT 2024},
   title = {Drone-based Artificial Intelligence for Efficient Disaster Management: The Significance of Accurate Object Detection and Recognition},
   year = {2024},
}

@article{He2015,
   author = {Kaiming He and Xiangyu Zhang and Shaoqing Ren and Jian Sun},
   doi = {10.1109/CVPR.2016.90},
   isbn = {9781467388504},
   issn = {10636919},
   journal = {Proceedings of the IEEE Computer Society Conference on Computer Vision and Pattern Recognition},
   month = {12},
   pages = {770-778},
   publisher = {IEEE Computer Society},
   title = {Deep Residual Learning for Image Recognition},
   volume = {2016-December},
   url = {https://arxiv.org/abs/1512.03385v1},
   year = {2015},
}

@article{Redmon2015,
   author = {Joseph Redmon and Santosh Divvala and Ross Girshick and Ali Farhadi},
   doi = {10.1109/CVPR.2016.91},
   isbn = {9781467388504},
   issn = {10636919},
   journal = {Proceedings of the IEEE Computer Society Conference on Computer Vision and Pattern Recognition},
   month = {6},
   pages = {779-788},
   publisher = {IEEE Computer Society},
   title = {You Only Look Once: Unified, Real-Time Object Detection},
   volume = {2016-December},
   url = {https://arxiv.org/abs/1506.02640v5},
   year = {2015},
}

@article{Lubna2021,
   author = {Lubna and N. Mufti and S.A.A. Shah},
   doi = {10.3390/s21093028},
   issue = {9},
   journal = {Sensors},
   title = {Automatic number plate recognition: A detailed survey of relevant algorithms},
   volume = {21},
   year = {2021},
}

@inproceedings{Mezhenin2021,
   author = {A. Mezhenin and V. Polyakov and V. Izvozchikova},
   booktitle = {CEUR Workshop Proceedings},
   pages = {230-237},
   title = {Development and testing of a pedestrian traffic monitoring system on a convolutional neural network platform},
   volume = {2965},
   url = {https://ceur-ws.org/Vol-2965/paper31.pdf},
   year = {2021},
}

@inproceedings{Stout2024,
   author = {A. Stout and K. Madineni},
   doi = {10.1117/12.3014180},
   isbn = {9781510674103},
   booktitle = {Proceedings of SPIE - The International Society for Optical Engineering},
   title = {Deploying AI Object Detection, Target Tracking, and Computational Imaging Algorithms on Embedded Processors},
   volume = {13046},
   year = {2024},
}

@article{Wang2022,
   author = {Chien-Yao Wang and Alexey Bochkovskiy and Hong-Yuan Mark Liao},
   doi = {10.1109/cvpr52729.2023.00721},
   month = {7},
   pages = {7464-7475},
   publisher = {Institute of Electrical and Electronics Engineers (IEEE)},
   title = {YOLOv7: Trainable bag-of-freebies sets new state-of-the-art for real-time object detectors},
   url = {https://arxiv.org/abs/2207.02696v1},
   year = {2022},
}

@inproceedings{Liu2024,
   author = {J. Liu and I. Huang and A. Anand and P.-H. Chang and Y. Huang},
   doi = {10.1109/VRW62533.2024.00072},
   isbn = {9798350374490},
   booktitle = {Proceedings - 2024 IEEE Conference on Virtual Reality and 3D User Interfaces Abstracts and Workshops, VRW 2024},
   pages = {368-373},
   title = {Digital Twin in Retail: An AI-Driven Multi-Modal Approach for Real-Time Product Recognition and 3D Store Reconstruction},
   year = {2024},
}

@article{Lattanze2005,
   author = {Anthony J. Lattanze},
   city = {Pittsburgh, PA 15213},
   month = {2},
   publisher = {School of Computer Science Carnegie Mellon University},
   title = {The Architecture Centric Development Method},
   url = {https://www.researchgate.net/publication/238508930_The_Architecture_Centric_Development_Method},
   year = {2005},
}

@article{Dong2021,
   author = {Chenhe Dong and Yinghui Li and Haifan Gong and Miaoxin Chen and Junxin Li and Ying Shen and Min Yang},
   doi = {10.1145/3554727},
   issue = {8},
   journal = {ACM Computing Surveys},
   month = {12},
   pages = {38},
   publisher = {Association for Computing Machinery},
   title = {A Survey of Natural Language Generation},
   volume = {55},
   url = {http://arxiv.org/abs/2112.11739 http://dx.doi.org/10.1145/3554727},
   year = {2021},
}
@article{Khurana2023,
   author = {Diksha Khurana and Aditya Koli and Kiran Khatter and Sukhdev Singh},
   doi = {10.1007/s11042-022-13428-4},
   title = {Natural language processing: state of the art, current trends and challenges},
   url = {https://doi.org/10.1007/s11042-022-13428-4},
   year = {2023},
}

@article{Liu2021,
   author = {Haitao Liu and Yuge Li and Dongchang Liu},
   doi = {10.1088/1742-6596/1976/1/012024},
   issn = {17426596},
   issue = {1},
   journal = {Journal of Physics: Conference Series},
   keywords = {artificial intelligence,computer vision,deep learning,post-epidemic},
   month = {7},
   publisher = {IOP Publishing Ltd},
   title = {Object detection and recognition system based on computer vision analysis},
   volume = {1976},
   year = {2021},
}

@book{Marr1982,
  title     = {Vision: A Computational Investigation into the Human Representation and Processing of Visual Information},
  author    = {Marr, David},
  year      = {1982},
  publisher = {W. H. Freeman},
  address   = {San Francisco},
  url       = {https://direct.mit.edu/books/monograph/3299/VisionA-Computational-Investigation-into-the-Human},
  isbn      = {0716715678},
}

@book{Bishop2006,
   author = {Christopher Bishop},
   doi = {10.1117/1.2819119},
   isbn = {9780387310732},
   issn = {1017-9909},
   issue = {4},
   journal = {Journal of Electronic Imaging},
   month = {1},
   pages = {738},
   pmid = {8943268},
   publisher = {Springer},
   title = {Pattern Recognition and Machine Learning},
   volume = {4},
   year = {2006},
}

@article{Krizhevsky2017,
   author = {Alex Krizhevsky and Ilya Sutskever and Geoffrey E. Hinton},
   doi = {10.1145/3065386},
   issn = {15577317},
   issue = {6},
   journal = {Communications of the ACM},
   month = {6},
   pages = {84-90},
   publisher = {Association for Computing Machinery},
   title = {ImageNet classification with deep convolutional neural networks},
   volume = {60},
   year = {2017},
}

@article{Dosovitskiy2020,
   author = {Alexey Dosovitskiy and Lucas Beyer and Alexander Kolesnikov and Dirk Weissenborn and Xiaohua Zhai and Thomas Unterthiner and Mostafa Dehghani and Matthias Minderer and Georg Heigold and Sylvain Gelly and Jakob Uszkoreit and Neil Houlsby},
   journal = {ICLR 2021 - 9th International Conference on Learning Representations},
   month = {10},
   publisher = {International Conference on Learning Representations, ICLR},
   title = {An Image is Worth 16x16 Words: Transformers for Image Recognition at Scale},
   url = {https://arxiv.org/abs/2010.11929v2},
   year = {2020},
}

@article{Turing1950,
   author = {Alan M. Turing},
   issn = {00264423},
   issue = {236},
   journal = {Mind},
   month = {10},
   pages = {433-460},
   title = {Computing Machinery and Intelligence},
   volume = {59},
   url = {https://www.bibsonomy.org/bibtex/3f7a151a4f79fe75b4bb148b41279a9b},
   year = {1950},
}

@inproceedings{Hutchins2004,
  author    = {W. John Hutchins},
  title     = {The Georgetown-IBM Experiment Demonstrated in January 1954},
  booktitle = {Machine Translation: From Real Users to Research},
  editor    = {Robert E. Frederking and Kathryn B. Taylor},
  series    = {Lecture Notes in Computer Science},
  volume    = {3265},
  pages     = {102--114},
  year      = {2004},
  publisher = {Springer},
  doi       = {10.1007/978-3-540-30194-3_12},
  url       = {https://link.springer.com/chapter/10.1007/978-3-540-30194-3_12}
}

@article{Marcus1993,
  title={Building a Large Annotated Corpus of English: The Penn Treebank},
  author={Mitchell P. Marcus and Beatrice Santorini and Mary Ann Marcinkiewicz},
  journal={Computational Linguistics},
  volume={19},
  number={2},
  pages={313--330},
  year={1993},
  publisher={MIT Press},
  url={https://aclanthology.org/J93-2004/}
}

@book{Fellbaum1998,
  title={WordNet: An Electronic Lexical Database},
  editor={Christiane Fellbaum},
  year={1998},
  publisher={MIT Press},
  address={Cambridge, MA},
  url={https://mitpress.mit.edu/9780262061971/wordnet/}
}

@article{Bahdanau2015,
    title = {Neural Machine Translation by Jointly Learning to Align and Translate},
    author = {Bahdanau, Dzmitry and Cho, Kyunghyun and Bengio, Yoshua},
    journal = {arXiv preprint arXiv:1409.0473},
    year = {2015},
    url = {https://arxiv.org/abs/1409.0473},
}

@inproceedings{Vaswani2017,
    title = {Attention Is All You Need},
    author = {Vaswani, Ashish and Shazeer, Noam and Parmar, Niki and Uszkoreit, Jakob and Jones, Llion and Gomez, Aidan N. and Kaiser, Łukasz and Polosukhin, Illia},
    booktitle = {Advances in Neural Information Processing Systems},
    volume = {30},
    year = {2017},
    pages = {5998--6008},
    url = {https://arxiv.org/abs/1706.03762},
}

@inproceedings{Devlin2019,
    title = {{BERT}: Pre-training of Deep Bidirectional Transformers for Language Understanding},
    author = {Devlin, Jacob and Chang, Ming-Wei and Lee, Kenton and Toutanova, Kristina},
    booktitle = {Proceedings of the 2019 Conference of the North {A}merican Chapter of the Association for Computational Linguistics: Human Language Technologies, Volume 1 (Long and Short Papers)},
    month = {jun},
    year = {2019},
    address = {Minneapolis, Minnesota},
    publisher = {Association for Computational Linguistics},
    url = {https://aclanthology.org/N19-1423/},
    doi = {10.18653/v1/N19-1423},
    pages = {4171--4186},
}

@article{Howard2018,
    title = {Universal Language Model Fine-tuning for Text Classification},
    author = {Howard, Jeremy and Ruder, Sebastian},
    journal = {arXiv preprint arXiv:1801.06146},
    year = {2018},
    url = {https://arxiv.org/abs/1801.06146},
}

@article{Page2021,
   author = {Matthew J. Page and Joanne E. McKenzie and Patrick M. Bossuyt and Isabelle Boutron and Tammy C. Hoffmann and Cynthia D. Mulrow and Larissa Shamseer and Jennifer M. Tetzlaff and Elie A. Akl and Sue E. Brennan and Roger Chou and Julie Glanville and Jeremy M. Grimshaw and Asbjørn Hróbjartsson and Manoj M. Lalu and Tianjing Li and Elizabeth W. Loder and Evan Mayo-Wilson and Steve McDonald and Luke A. McGuinness and Lesley A. Stewart and James Thomas and Andrea C. Tricco and Vivian A. Welch and Penny Whiting and David Moher},
   doi = {10.1136/BMJ.N71},
   issn = {1756-1833},
   journal = {BMJ},
   month = {3},
   pmid = {33782057},
   publisher = {British Medical Journal Publishing Group},
   title = {The PRISMA 2020 statement: an updated guideline for reporting systematic reviews},
   volume = {372},
   url = {https://pubmed.ncbi.nlm.nih.gov/33782057/},
   year = {2021},
}

@article{Radford2021,
   author = {Alec Radford and Jong Wook Kim and Chris Hallacy and Aditya Ramesh and Gabriel Goh and Sandhini Agarwal and Girish Sastry and Amanda Askell and Pamela Mishkin and Jack Clark and Gretchen Krueger and Ilya Sutskever},
   isbn = {9781713845065},
   issn = {26403498},
   journal = {Proceedings of Machine Learning Research},
   month = {2},
   pages = {8748-8763},
   publisher = {ML Research Press},
   title = {Learning Transferable Visual Models From Natural Language Supervision},
   volume = {139},
   url = {https://arxiv.org/abs/2103.00020v1},
   year = {2021},
}

@article{Li2022,
   author = {Junnan Li and Dongxu Li and Caiming Xiong and Steven Hoi},
   title = {BLIP: Bootstrapping Language-Image Pre-training for Unified Vision-Language Understanding and Generation},
   journal = {Proceedings of the 39th International Conference on Machine Learning},
   volume = {162},
   pages = {12888--12900},
   year = {2022},
   url = {https://arxiv.org/abs/2201.12086},
}

@article{Li2021,
   author = {Junnan Li and Ramprasaath Selvaraju and Akhilesh Gotmare and Shafiq Joty and Caiming Xiong and Steven Chu Hong Hoi},
   title = {Align before Fuse: Vision and Language Representation Learning with Momentum Distillation},
   journal = {Advances in Neural Information Processing Systems},
   volume = {34},
   pages = {9694--9705},
   year = {2021},
   url = {https://arxiv.org/abs/2107.07651},
}

@article{Singh2022,
   author = {Amanpreet Singh and Ronghang Hu and Vedanuj Goswami and Guillaume Couairon and Wojciech Galuba and Marcus Rohrbach and Douwe Kiela},
   title = {FLAVA: A Foundational Language And Vision Alignment Model},
   journal = {Proceedings of the IEEE/CVF Conference on Computer Vision and Pattern Recognition},
   pages = {15638--15650},
   year = {2022},
   url = {https://arxiv.org/abs/2112.04482},
}

@article{Jia2021,
   author = {Chao Jia and Yinfei Yang and Ye Xia and Yi-Ting Chen and Zarana Parekh and Hieu Pham and Quoc Le and Yun-Hsuan Sung and Zhen Li and Tom Duerig},
   title = {Scaling Up Visual and Vision-Language Representation Learning With Noisy Text Supervision},
   journal = {Proceedings of the 38th International Conference on Machine Learning},
   volume = {139},
   pages = {4904--4916},
   year = {2021},
   url = {https://arxiv.org/abs/2102.05918},
}

@article{Chen2020,
   author = {Ting Chen and Simon Kornblith and Mohammad Norouzi and Geoffrey Hinton},
   title = {A Simple Framework for Contrastive Learning of Visual Representations},
   journal = {Proceedings of the 37th International Conference on Machine Learning},
   volume = {119},
   pages = {1597--1607},
   year = {2020},
   url = {https://arxiv.org/abs/2002.05709},
}

@article{Wang2022,
   author = {Zirui Wang and Jiahui Yu and Adams Wei Yu and Zihang Dai and Yulia Tsvetkov and Diyi Yang},
   title = {SimVLM: Simple Visual Language Model Pretraining with Weak Supervision},
   journal = {International Conference on Learning Representations},
   year = {2022},
   url = {https://arxiv.org/abs/2108.10904},
}

@article{Yuan2021,
   author = {Lu Yuan and Dongdong Chen and Yi-Ling Chen and Noel Codella and Xiyang Dai and Jianfeng Gao and Houdong Hu and Xuedong Huang and Boxin Li and Chunyuan Li and Ce Liu and Mengchen Liu and Zicheng Liu and Yumao Lu and Yu Shi and Lijuan Wang and Jianfeng Wang and Bin Xiao and Zhen Xiao and Jianwei Yang and Michael Zeng and Luowei Zhou and Pengchuan Zhang},
   title = {Florence: A New Foundation Model for Computer Vision},
   journal = {arXiv preprint arXiv:2111.11432},
   year = {2021},
   url = {https://arxiv.org/abs/2111.11432},
}

@article{Zhou2023,
   author = {Meihua Zhou and Ivan Fung and Li Yang and Nan Wan and Keke Di and Tingting Wang},
   month = {1},
   title = {LostNet: A smart way for lost and find},
   url = {https://arxiv.org/abs/2301.02277v1},
   year = {2023},
}

@article{Soumya2024,
   author = {Manjeti Soumya and Syed Zoya Mehak and V Vinod Chandra and P Saamrat and Surendra Bandi},
   doi = {10.46647/IJETMS.2024.V08I03.018},
   issn = {25814621},
   issue = {3},
   journal = {international journal of engineering technology and management sciences},
   pages = {152-160},
   title = {Campus Lost: Connect and Recover},
   volume = {8},
   url = {https://ijetms.in/Vol-8-issue-3/Vol-8-Issue-3-18.pdf},
   year = {2024},
}

@article{Al-Debagy2021,
   author = {Omar Al-Debagy and Peter Martinek},
   doi = {10.1109/CINTI.2018.8928192},
   journal = {Journal of King Saud University - Computer and Information Sciences},
   pages = {4441-4449},
   title = {A Comparative Review of Microservices and Monolithic Architectures},
   url = {https://arxiv.org/pdf/1905.07997},
   volume = {33},
   year = {2021},
}

@article{Song2024,
   author = {Jinbao Song and Jiahui Cai and Ran Li and Yanan Li},
   doi = {10.1109/SERA57763.2023.10197683},
   booktitle = {2023 IEEE/ACIS 21st International Conference on Software Engineering Research, Management and Applications (SERA)},
   title = {Design and Implementation of Scientific Research Achievement Transformation System},
   year = {2023},
}


@article{Niedermaier2023,
   author = {Sandra Niedermaier and Falko Koetter and others},
   title = {On Observability and Monitoring of Distributed Systems: An Industry Interview Study},
   journal = {ACM Computing Surveys},
   year = {2023},
   doi = {10.1145/3568294},
   url = {https://arxiv.org/abs/1907.12240},
}


@article{Söylemez2024,
   author = {Erdi Söylemez and Feza Buzluca},
   doi = {10.1002/spe.3241},
   journal = {Software: Practice and Experience},
   title = {Microservice reference architecture design: A multi-case study},
   year = {2024},
}

@article{Kruchten2004,
   author = {Philippe Kruchten},
   title = {The Rational Unified Process: An Introduction, 3rd Edition},
   publisher = {Addison-Wesley Professional},
   year = {2003},
   isbn = {9780321197702},
}

@article{MonolithicVsMicroservices2020,
   author = {Antonio García-Martín and Luis Rodrigo-Ginés and José L. Vázquez-Poletti and Luis Llorente},
   title = {From Monolithic Systems to Microservices: A Comparative Study of Performance},
   journal = {Applied Sciences},
   volume = {10},
   number = {17},
   year = {2020},
   doi = {10.3390/app10175797},
   url = {https://www.mdpi.com/2076-3417/10/17/5797},
}

@article{Roy2022,
   author = {Maharshi Roy},
   title = {Great circle theorem and the application of the spherical cosine rule to estimate distances on a globe},
   journal = {International Journal of Statistics and Applied Mathematics},
   volume = {7},
   number = {3},
   pages = {136--142},
   year = {2022},
   doi = {10.22271/maths.2022.v7.i3b.833},
   url = {https://doi.org/10.22271/maths.2022.v7.i3b.833},
}

@article{Wake2001,
   author = {Bill Wake},
   title = {Arrange Act Assert},
   year = {2001},
   url = {https://xp123.com/articles/3a-arrange-act-assert/},
}

@inproceedings{Suryaputri2020,
   author = {Z. Suryaputri and D. S. Gabriel and R. Nurcahyo},
   title = {Integration of ABC-XYZ Analysis in Inventory Management Optimization: A Case Study in the Health Industry},
   booktitle = {Proceedings of the International Conference on Industrial Engineering and Operations Management},
   year = {2020},
   url = {https://ieomsociety.org/proceedings/2022nigeria/70.pdf},
}

@book{Beck2002,
   author = {Kent Beck},
   title = {Test Driven Development: By Example},
   publisher = {Addison-Wesley Professional},
   year = {2002},
   isbn = {978-0321146533},
}

@article{VanDenOord2018,
   author = {Aaron van den Oord and Yazhe Li and Oriol Vinyals},
   title = {Representation Learning with Contrastive Predictive Coding},
   journal = {arXiv preprint arXiv:1807.03748},
   year = {2018},
   url = {https://arxiv.org/abs/1807.03748},
}

@article{Johnson2019,
   author = {Jeff Johnson and Matthijs Douze and Hervé Jégou},
   title = {Billion-scale similarity search with GPUs},
   journal = {IEEE Transactions on Big Data},
   volume = {7},
   number = {3},
   pages = {535--547},
   year = {2019},
   doi = {10.1109/TBDATA.2019.2921572},
}

@article{Jegou2011,
   author = {Hervé Jégou and Matthijs Douze and Cordelia Schmid},
   title = {Product Quantization for Nearest Neighbor Search},
   journal = {IEEE Transactions on Pattern Analysis and Machine Intelligence},
   volume = {33},
   number = {1},
   pages = {117--128},
   year = {2011},
   doi = {10.1109/TPAMI.2010.57},
}

@article{Hinton2015,
   author = {Geoffrey Hinton and Oriol Vinyals and Jeff Dean},
   title = {Distilling the Knowledge in a Neural Network},
   journal = {arXiv preprint arXiv:1503.02531},
   year = {2015},
   url = {https://arxiv.org/abs/1503.02531},
}

@article{Li2020Fed,
   author = {Tian Li and Anit Kumar Sahu and Ameet Talwalkar and Virginia Smith},
   title = {Federated Learning: Challenges, Methods, and Future Directions},
   journal = {IEEE Signal Processing Magazine},
   volume = {37},
   number = {3},
   pages = {50--60},
   year = {2020},
   doi = {10.1109/MSP.2020.2975749},
}
